%% This BibTeX bibliography file was created using BibDesk.
%% http://bibdesk.sourceforge.net/


%% Created for Brokmeier, Pascal at 2016-10-28 16:22:05 +0200


%% Saved with string encoding Unicode (UTF-8)



@misc{accenture-dt:2015,
	Author = {Forrester},
	Date-Added = {2016-10-27 13:50:02 +0000},
	Date-Modified = {2016-10-27 13:52:49 +0000},
	Howpublished = {Online},
	Keywords = {Accenture},
	Month = {October},
	Title = {Digital Transformation In The Age Of The Customer},
	Year = {2015}}

@webpage{bitkommembers:2016,
	Date-Added = {2016-10-27 11:17:27 +0000},
	Date-Modified = {2016-10-27 11:18:20 +0000},
	Lastchecked = {27.11.2016},
	Month = {November},
	Title = {Bitkom Members},
	Url = {https://www.bitkom.org/Bitkom/Mitgliedschaft/Mitgliederliste/},
	Year = {2016}
}

@webpage{vdmamembers:2016,
	Date-Added = {2016-10-27 11:17:27 +0000},
	Date-Modified = {2016-10-27 11:18:20 +0000},
	Lastchecked = {27.11.2016},
	Month = {November},
	Title = {VDMA Members},
	Url = {http://www.vdma.org/mitglieder},
	Year = {2016}
}

@webpage{zveimembers:2016,
	Date-Added = {2016-10-27 11:17:27 +0000},
	Date-Modified = {2016-10-27 11:18:20 +0000},
	Lastchecked = {27.11.2016},
	Month = {November},
	Title = {ZVEI Members},
	Url = {http://www.zvei.org/en/members/Pages/default.aspx},
	Year = {2016}
}

@article{mckinsey-nine-questions,
	Author = {Karel D{\"o}rner and J{\"u}rgen Meffert},
	Date-Added = {2016-10-27 13:39:05 +0000},
	Date-Modified = {2016-10-27 13:40:16 +0000},
	Journal = {McKinsey},
	Month = {October},
	Title = {Nine questions to help you get your digital transformation right},
	Year = {2015},
	Bdsk-File-1 = {YnBsaXN0MDDUAQIDBAUGJCVYJHZlcnNpb25YJG9iamVjdHNZJGFyY2hpdmVyVCR0b3ASAAGGoKgHCBMUFRYaIVUkbnVsbNMJCgsMDxJXTlMua2V5c1pOUy5vYmplY3RzViRjbGFzc6INDoACgAOiEBGABIAFgAdccmVsYXRpdmVQYXRoWWFsaWFzRGF0YV8Qfy4uLy4uL0xpdGVyYXR1ci9nZXNhbW1lbHRlIFdlYnNpdGVzL05pbmUgcXVlc3Rpb25zIHRvIGhlbHAgeW91IGdldCB5b3VyIGRpZ2l0YWwgdHJhbnNmb3JtYXRpb24gcmlnaHQgXyBNY0tpbnNleSAmIENvbXBhbnktMS5wZGbSFwsYGVdOUy5kYXRhTxEDPgAAAAADPgACAAAMTWFjaW50b3NoIEhEAAAAAAAAAAAAAAAAAAAA0a9Ho0grAAABQrFhH05pbmUgcXVlc3Rpb25zIHRvIGgjMTQ3MTcyRS5wZGYAAAAAAAAAAAAAAAAAAAAAAAAAAAAAAAAAAAAAAAAAAAFHFy7UN9BrAAAAAAAAAAAAAgADAAAJIAAAAAAAAAAAAAAAAAAAABNnZXNhbW1lbHRlIFdlYnNpdGVzAAAQAAgAANGvK4MAAAARAAgAANQ3tEsAAAABACgBQrFhATkHbgEpPfoBKT35ACzgSQD2khIA4hiZABkc/gAVUIQAFVBBAAIAmk1hY2ludG9zaCBIRDpVc2VyczoAcGJyOgBEb2N1bWVudHM6AFN5bmM6AEFsbERldmljZXM6AFVuaUtvZWxuOgBTZW1lc3RlciBJSUk6AFNraSBTZW1pbmFyOgBMaXRlcmF0dXI6AGdlc2FtbWVsdGUgV2Vic2l0ZXM6AE5pbmUgcXVlc3Rpb25zIHRvIGgjMTQ3MTcyRS5wZGYADgC4AFsATgBpAG4AZQAgAHEAdQBlAHMAdABpAG8AbgBzACAAdABvACAAaABlAGwAcAAgAHkAbwB1ACAAZwBlAHQAIAB5AG8AdQByACAAZABpAGcAaQB0AGEAbAAgAHQAcgBhAG4AcwBmAG8AcgBtAGEAdABpAG8AbgAgAHIAaQBnAGgAdAAgAF8AIABNAGMASwBpAG4AcwBlAHkAIAAmACAAQwBvAG0AcABhAG4AeQAtADEALgBwAGQAZgAPABoADABNAGEAYwBpAG4AdABvAHMAaAAgAEgARAASAL9Vc2Vycy9wYnIvRG9jdW1lbnRzL1N5bmMvQWxsRGV2aWNlcy9VbmlLb2Vsbi9TZW1lc3RlciBJSUkvU2tpIFNlbWluYXIvTGl0ZXJhdHVyL2dlc2FtbWVsdGUgV2Vic2l0ZXMvTmluZSBxdWVzdGlvbnMgdG8gaGVscCB5b3UgZ2V0IHlvdXIgZGlnaXRhbCB0cmFuc2Zvcm1hdGlvbiByaWdodCBfIE1jS2luc2V5ICYgQ29tcGFueS0xLnBkZgAAEwABLwAAFQACAAr//wAAgAbSGxwdHlokY2xhc3NuYW1lWCRjbGFzc2VzXU5TTXV0YWJsZURhdGGjHR8gVk5TRGF0YVhOU09iamVjdNIbHCIjXE5TRGljdGlvbmFyeaIiIF8QD05TS2V5ZWRBcmNoaXZlctEmJ1Ryb290gAEACAARABoAIwAtADIANwBAAEYATQBVAGAAZwBqAGwAbgBxAHMAdQB3AIQAjgEQARUBHQRfBGEEZgRxBHoEiASMBJMEnAShBK4EsQTDBMYEywAAAAAAAAIBAAAAAAAAACgAAAAAAAAAAAAAAAAAAATN}}

@webpage{forbes-ddos-cameras,
	Date-Added = {2016-10-27 11:25:14 +0000},
	Date-Modified = {2016-10-27 11:25:48 +0000},
	Keywords = {ddos, iot, forbes},
	Lastchecked = {27.10.2016},
	Month = {October},
	Title = {Hacked Cameras Were Behind Friday's Massive Web Outage},
	Url = {http://www.forbes.com/sites/briansolomon/2016/10/21/hacked-cameras-cyber-attack-hacking-ddos-dyn-twitter-netflix/#56925a777e6f},
	Year = {2016},
	Bdsk-File-1 = {YnBsaXN0MDDUAQIDBAUGJCVYJHZlcnNpb25YJG9iamVjdHNZJGFyY2hpdmVyVCR0b3ASAAGGoKgHCBMUFRYaIVUkbnVsbNMJCgsMDxJXTlMua2V5c1pOUy5vYmplY3RzViRjbGFzc6INDoACgAOiEBGABIAFgAdccmVsYXRpdmVQYXRoWWFsaWFzRGF0YV8QXi4uLy4uL0xpdGVyYXR1ci9nZXNhbW1lbHRlIFdlYnNpdGVzL0hhY2tlZCBDYW1lcmFzIFdlcmUgQmVoaW5kIEZyaWRheSdzIE1hc3NpdmUgV2ViIE91dGFnZS5wZGbSFwsYGVdOUy5kYXRhTxEC2gAAAAAC2gACAAAMTWFjaW50b3NoIEhEAAAAAAAAAAAAAAAAAAAA0a9Ho0grAAABQrFhH0hhY2tlZCBDYW1lcmFzIFdlcmUjMTQ3MDgwOC5wZGYAAAAAAAAAAAAAAAAAAAAAAAAAAAAAAAAAAAAAAAAAAAFHCAjUN7EWAAAAAAAAAAAAAgADAAAJIAAAAAAAAAAAAAAAAAAAABNnZXNhbW1lbHRlIFdlYnNpdGVzAAAQAAgAANGvK4MAAAARAAgAANQ3lPYAAAABACgBQrFhATkHbgEpPfoBKT35ACzgSQD2khIA4hiZABkc/gAVUIQAFVBBAAIAmk1hY2ludG9zaCBIRDpVc2VyczoAcGJyOgBEb2N1bWVudHM6AFN5bmM6AEFsbERldmljZXM6AFVuaUtvZWxuOgBTZW1lc3RlciBJSUk6AFNraSBTZW1pbmFyOgBMaXRlcmF0dXI6AGdlc2FtbWVsdGUgV2Vic2l0ZXM6AEhhY2tlZCBDYW1lcmFzIFdlcmUjMTQ3MDgwOC5wZGYADgB2ADoASABhAGMAawBlAGQAIABDAGEAbQBlAHIAYQBzACAAVwBlAHIAZQAgAEIAZQBoAGkAbgBkACAARgByAGkAZABhAHkAJwBzACAATQBhAHMAcwBpAHYAZQAgAFcAZQBiACAATwB1AHQAYQBnAGUALgBwAGQAZgAPABoADABNAGEAYwBpAG4AdABvAHMAaAAgAEgARAASAJ5Vc2Vycy9wYnIvRG9jdW1lbnRzL1N5bmMvQWxsRGV2aWNlcy9VbmlLb2Vsbi9TZW1lc3RlciBJSUkvU2tpIFNlbWluYXIvTGl0ZXJhdHVyL2dlc2FtbWVsdGUgV2Vic2l0ZXMvSGFja2VkIENhbWVyYXMgV2VyZSBCZWhpbmQgRnJpZGF5J3MgTWFzc2l2ZSBXZWIgT3V0YWdlLnBkZgATAAEvAAAVAAIACv//AACABtIbHB0eWiRjbGFzc25hbWVYJGNsYXNzZXNdTlNNdXRhYmxlRGF0YaMdHyBWTlNEYXRhWE5TT2JqZWN00hscIiNcTlNEaWN0aW9uYXJ5oiIgXxAPTlNLZXllZEFyY2hpdmVy0SYnVHJvb3SAAQAIABEAGgAjAC0AMgA3AEAARgBNAFUAYABnAGoAbABuAHEAcwB1AHcAhACOAO8A9AD8A9oD3APhA+wD9QQDBAcEDgQXBBwEKQQsBD4EQQRGAAAAAAAAAgEAAAAAAAAAKAAAAAAAAAAAAAAAAAAABEg=}}

@webpage{gartner-security-spending-iot,
	Date-Added = {2016-10-27 11:17:27 +0000},
	Date-Modified = {2016-10-27 11:18:20 +0000},
	Keywords = {Gartner, IoT, Security},
	Lastchecked = {2016-10-27 11:17:27 +0000},
	Month = {April},
	Title = {Gartner Says Worldwide IoT Security Spending to Reach \$348 Million in 2016},
	Url = {http://www.gartner.com/newsroom/id/3291817},
	Year = {2016},
	Bdsk-File-1 = {YnBsaXN0MDDUAQIDBAUGJCVYJHZlcnNpb25YJG9iamVjdHNZJGFyY2hpdmVyVCR0b3ASAAGGoKgHCBMUFRYaIVUkbnVsbNMJCgsMDxJXTlMua2V5c1pOUy5vYmplY3RzViRjbGFzc6INDoACgAOiEBGABIAFgAdccmVsYXRpdmVQYXRoWWFsaWFzRGF0YV8Qci4uLy4uL0xpdGVyYXR1ci9nZXNhbW1lbHRlIFdlYnNpdGVzL0dhcnRuZXIgU2F5cyBXb3JsZHdpZGUgSW9UIFNlY3VyaXR5IFNwZW5kaW5nIHRvIFJlYWNoICQzNDggTWlsbGlvbiBpbiAyMDE2LnBkZtIXCxgZV05TLmRhdGFPEQMWAAAAAAMWAAIAAAxNYWNpbnRvc2ggSEQAAAAAAAAAAAAAAAAAAADRr0ejSCsAAAFCsWEfR2FydG5lciBTYXlzIFdvcmxkdyMxNDcwNTcwLnBkZgAAAAAAAAAAAAAAAAAAAAAAAAAAAAAAAAAAAAAAAAAAAUcFcNQ3rsQAAAAAAAAAAAACAAMAAAkgAAAAAAAAAAAAAAAAAAAAE2dlc2FtbWVsdGUgV2Vic2l0ZXMAABAACAAA0a8rgwAAABEACAAA1DeSpAAAAAEAKAFCsWEBOQduASk9+gEpPfkALOBJAPaSEgDiGJkAGRz+ABVQhAAVUEEAAgCaTWFjaW50b3NoIEhEOlVzZXJzOgBwYnI6AERvY3VtZW50czoAU3luYzoAQWxsRGV2aWNlczoAVW5pS29lbG46AFNlbWVzdGVyIElJSToAU2tpIFNlbWluYXI6AExpdGVyYXR1cjoAZ2VzYW1tZWx0ZSBXZWJzaXRlczoAR2FydG5lciBTYXlzIFdvcmxkdyMxNDcwNTcwLnBkZgAOAJ4ATgBHAGEAcgB0AG4AZQByACAAUwBhAHkAcwAgAFcAbwByAGwAZAB3AGkAZABlACAASQBvAFQAIABTAGUAYwB1AHIAaQB0AHkAIABTAHAAZQBuAGQAaQBuAGcAIAB0AG8AIABSAGUAYQBjAGgAIAAkADMANAA4ACAATQBpAGwAbABpAG8AbgAgAGkAbgAgADIAMAAxADYALgBwAGQAZgAPABoADABNAGEAYwBpAG4AdABvAHMAaAAgAEgARAASALJVc2Vycy9wYnIvRG9jdW1lbnRzL1N5bmMvQWxsRGV2aWNlcy9VbmlLb2Vsbi9TZW1lc3RlciBJSUkvU2tpIFNlbWluYXIvTGl0ZXJhdHVyL2dlc2FtbWVsdGUgV2Vic2l0ZXMvR2FydG5lciBTYXlzIFdvcmxkd2lkZSBJb1QgU2VjdXJpdHkgU3BlbmRpbmcgdG8gUmVhY2ggJDM0OCBNaWxsaW9uIGluIDIwMTYucGRmABMAAS8AABUAAgAK//8AAIAG0hscHR5aJGNsYXNzbmFtZVgkY2xhc3Nlc11OU011dGFibGVEYXRhox0fIFZOU0RhdGFYTlNPYmplY3TSGxwiI1xOU0RpY3Rpb25hcnmiIiBfEA9OU0tleWVkQXJjaGl2ZXLRJidUcm9vdIABAAgAEQAaACMALQAyADcAQABGAE0AVQBgAGcAagBsAG4AcQBzAHUAdwCEAI4BAwEIARAEKgQsBDEEPARFBFMEVwReBGcEbAR5BHwEjgSRBJYAAAAAAAACAQAAAAAAAAAoAAAAAAAAAAAAAAAAAAAEmA==}}

@webpage{gartner-iot-number-devices,
	Date-Added = {2016-10-27 11:17:27 +0000},
	Date-Modified = {2016-10-27 11:18:20 +0000},
	Keywords = {Gartner, IoT, growth},
	Lastchecked = {27.10.2016},
	Month = {November},
	Title = {Gartner Says 6.4 Billion Connected 'Things' Will Be in Use in 2016, Up 30 Percent From 2015},
	Url = {http://www.gartner.com/newsroom/id/3165317},
	Year = {2015},
	Bdsk-Url-1 = {http://www.gartner.com/newsroom/id/3165317}}

@techreport{Wirtschaft:2016,
	Author = {Bundesministerium f{\"u}r Wirtschaft},
	Date-Added = {2016-10-18 19:56:48 +0000},
	Date-Modified = {2016-10-18 19:57:46 +0000},
	Institution = {Bundesministerium f{\"u}r Wirtschaft},
	Title = {Fortschrittsbericht - Digitalisierung der Industrie - Die Plattform Industrie 4.0},
	Year = {2016},
	Bdsk-File-1 = {YnBsaXN0MDDUAQIDBAUGJCVYJHZlcnNpb25YJG9iamVjdHNZJGFyY2hpdmVyVCR0b3ASAAGGoKgHCBMUFRYaIVUkbnVsbNMJCgsMDxJXTlMua2V5c1pOUy5vYmplY3RzViRjbGFzc6INDoACgAOiEBGABIAFgAdccmVsYXRpdmVQYXRoWWFsaWFzRGF0YV8QPy4uLy4uL0xpdGVyYXR1ci9kaWdpdGFsaXNpZXJ1bmctZGVyLWluZHVzdHJpZS1wbGF0dGZvcm0taTQwLnBkZtIXCxgZV05TLmRhdGFPEQKEAAAAAAKEAAIAAAxNYWNpbnRvc2ggSEQAAAAAAAAAAAAAAAAAAADRr0ejSCsAAAE5B24fZGlnaXRhbGlzaWVydW5nLWRlciMxM0IxMjc4LnBkZgAAAAAAAAAAAAAAAAAAAAAAAAAAAAAAAAAAAAAAAAAAATsSeNPR82sAAAAAAAAAAAACAAIAAAkgAAAAAAAAAAAAAAAAAAAACUxpdGVyYXR1cgAAEAAIAADRryuDAAAAEQAIAADT0ddLAAAAAQAkATkHbgEpPfoBKT35ACzgSQD2khIA4hiZABkc/gAVUIQAFVBBAAIAhU1hY2ludG9zaCBIRDpVc2VyczoAcGJyOgBEb2N1bWVudHM6AFN5bmM6AEFsbERldmljZXM6AFVuaUtvZWxuOgBTZW1lc3RlciBJSUk6AFNraSBTZW1pbmFyOgBMaXRlcmF0dXI6AGRpZ2l0YWxpc2llcnVuZy1kZXIjMTNCMTI3OC5wZGYAAA4AYAAvAGQAaQBnAGkAdABhAGwAaQBzAGkAZQByAHUAbgBnAC0AZABlAHIALQBpAG4AZAB1AHMAdAByAGkAZQAtAHAAbABhAHQAdABmAG8AcgBtAC0AaQA0ADAALgBwAGQAZgAPABoADABNAGEAYwBpAG4AdABvAHMAaAAgAEgARAASAH9Vc2Vycy9wYnIvRG9jdW1lbnRzL1N5bmMvQWxsRGV2aWNlcy9VbmlLb2Vsbi9TZW1lc3RlciBJSUkvU2tpIFNlbWluYXIvTGl0ZXJhdHVyL2RpZ2l0YWxpc2llcnVuZy1kZXItaW5kdXN0cmllLXBsYXR0Zm9ybS1pNDAucGRmAAATAAEvAAAVAAIACv//AACABtIbHB0eWiRjbGFzc25hbWVYJGNsYXNzZXNdTlNNdXRhYmxlRGF0YaMdHyBWTlNEYXRhWE5TT2JqZWN00hscIiNcTlNEaWN0aW9uYXJ5oiIgXxAPTlNLZXllZEFyY2hpdmVy0SYnVHJvb3SAAQAIABEAGgAjAC0AMgA3AEAARgBNAFUAYABnAGoAbABuAHEAcwB1AHcAhACOANAA1QDdA2UDZwNsA3cDgAOOA5IDmQOiA6cDtAO3A8kDzAPRAAAAAAAAAgEAAAAAAAAAKAAAAAAAAAAAAAAAAAAAA9M=}}

@techreport{Wirtschaft_en:2016,
	Author = {Bundesministerium f{\"u}r Wirtschaft},
	Date-Added = {2016-10-18 19:38:00 +0000},
	Date-Modified = {2016-10-18 20:11:06 +0000},
	Institution = {Federal Ministry for Economic Affairs and Energy of Germany},
	Keywords = {english},
	Month = {April},
	Title = {PROGRESS REPORT - Digitization of Industrie - Plattform Industrie 4.0},
	Type = {Progress Report},
	Year = {2016},
	Bdsk-File-1 = {YnBsaXN0MDDUAQIDBAUGJCVYJHZlcnNpb25YJG9iamVjdHNZJGFyY2hpdmVyVCR0b3ASAAGGoKgHCBMUFRYaIVUkbnVsbNMJCgsMDxJXTlMua2V5c1pOUy5vYmplY3RzViRjbGFzc6INDoACgAOiEBGABIAFgAdccmVsYXRpdmVQYXRoWWFsaWFzRGF0YV8QOy4uLy4uL0xpdGVyYXR1ci9kaWdpdGl6YXRpb24tb2YtaW5kdXN0cmllLXBsYXR0Zm9ybS1pNDAucGRm0hcLGBlXTlMuZGF0YU8RAngAAAAAAngAAgAADE1hY2ludG9zaCBIRAAAAAAAAAAAAAAAAAAAANGvR6NIKwAAATkHbh9kaWdpdGl6YXRpb24tb2YtaW5kIzE0MkFDNjcucGRmAAAAAAAAAAAAAAAAAAAAAAAAAAAAAAAAAAAAAAAAAAABQqxn1DO4DgAAAAAAAAAAAAIAAgAACSAAAAAAAAAAAAAAAAAAAAAJTGl0ZXJhdHVyAAAQAAgAANGvK4MAAAARAAgAANQzm+4AAAABACQBOQduASk9+gEpPfkALOBJAPaSEgDiGJkAGRz+ABVQhAAVUEEAAgCFTWFjaW50b3NoIEhEOlVzZXJzOgBwYnI6AERvY3VtZW50czoAU3luYzoAQWxsRGV2aWNlczoAVW5pS29lbG46AFNlbWVzdGVyIElJSToAU2tpIFNlbWluYXI6AExpdGVyYXR1cjoAZGlnaXRpemF0aW9uLW9mLWluZCMxNDJBQzY3LnBkZgAADgBYACsAZABpAGcAaQB0AGkAegBhAHQAaQBvAG4ALQBvAGYALQBpAG4AZAB1AHMAdAByAGkAZQAtAHAAbABhAHQAdABmAG8AcgBtAC0AaQA0ADAALgBwAGQAZgAPABoADABNAGEAYwBpAG4AdABvAHMAaAAgAEgARAASAHtVc2Vycy9wYnIvRG9jdW1lbnRzL1N5bmMvQWxsRGV2aWNlcy9VbmlLb2Vsbi9TZW1lc3RlciBJSUkvU2tpIFNlbWluYXIvTGl0ZXJhdHVyL2RpZ2l0aXphdGlvbi1vZi1pbmR1c3RyaWUtcGxhdHRmb3JtLWk0MC5wZGYAABMAAS8AABUAAgAK//8AAIAG0hscHR5aJGNsYXNzbmFtZVgkY2xhc3Nlc11OU011dGFibGVEYXRhox0fIFZOU0RhdGFYTlNPYmplY3TSGxwiI1xOU0RpY3Rpb25hcnmiIiBfEA9OU0tleWVkQXJjaGl2ZXLRJidUcm9vdIABAAgAEQAaACMALQAyADcAQABGAE0AVQBgAGcAagBsAG4AcQBzAHUAdwCEAI4AzADRANkDVQNXA1wDZwNwA34DggOJA5IDlwOkA6cDuQO8A8EAAAAAAAACAQAAAAAAAAAoAAAAAAAAAAAAAAAAAAADww==}}

@inproceedings{Hahn:2016,
	Address = {http://www.plattform-i40.de/I40/Redaktion/DE/Downloads/Publikation/ppt-vom-referenzarchitekturmodell-zum-testbed.html},
	Author = {Thomas Hahn},
	Date-Added = {2016-10-18 19:27:58 +0000},
	Date-Modified = {2016-10-18 19:30:11 +0000},
	Organization = {Labs Network Industrie 4.0},
	Title = {Vom Referenzarchitekturmodell zum Testbed},
	Year = {2016},
	Bdsk-File-1 = {YnBsaXN0MDDUAQIDBAUGJCVYJHZlcnNpb25YJG9iamVjdHNZJGFyY2hpdmVyVCR0b3ASAAGGoKgHCBMUFRYaIVUkbnVsbNMJCgsMDxJXTlMua2V5c1pOUy5vYmplY3RzViRjbGFzc6INDoACgAOiEBGABIAFgAdccmVsYXRpdmVQYXRoWWFsaWFzRGF0YV8QPS4uLy4uL0xpdGVyYXR1ci9Wb20gUmVmZXJlbnphcmNoaXRla3R1cm1vZGVsbCB6dW0gVGVzdGJlZC5wZGbSFwsYGVdOUy5kYXRhTxECfgAAAAACfgACAAAMTWFjaW50b3NoIEhEAAAAAAAAAAAAAAAAAAAA0a9Ho0grAAABOQduH1ZvbSBSZWZlcmVuemFyY2hpdGUjMTNCMDcxQi5wZGYAAAAAAAAAAAAAAAAAAAAAAAAAAAAAAAAAAAAAAAAAAAE7BxvULENdAAAAAAAAAAAAAgACAAAJIAAAAAAAAAAAAAAAAAAAAAlMaXRlcmF0dXIAABAACAAA0a8rgwAAABEACAAA1CwnPQAAAAEAJAE5B24BKT36ASk9+QAs4EkA9pISAOIYmQAZHP4AFVCEABVQQQACAIVNYWNpbnRvc2ggSEQ6VXNlcnM6AHBicjoARG9jdW1lbnRzOgBTeW5jOgBBbGxEZXZpY2VzOgBVbmlLb2VsbjoAU2VtZXN0ZXIgSUlJOgBTa2kgU2VtaW5hcjoATGl0ZXJhdHVyOgBWb20gUmVmZXJlbnphcmNoaXRlIzEzQjA3MUIucGRmAAAOAFwALQBWAG8AbQAgAFIAZQBmAGUAcgBlAG4AegBhAHIAYwBoAGkAdABlAGsAdAB1AHIAbQBvAGQAZQBsAGwAIAB6AHUAbQAgAFQAZQBzAHQAYgBlAGQALgBwAGQAZgAPABoADABNAGEAYwBpAG4AdABvAHMAaAAgAEgARAASAH1Vc2Vycy9wYnIvRG9jdW1lbnRzL1N5bmMvQWxsRGV2aWNlcy9VbmlLb2Vsbi9TZW1lc3RlciBJSUkvU2tpIFNlbWluYXIvTGl0ZXJhdHVyL1ZvbSBSZWZlcmVuemFyY2hpdGVrdHVybW9kZWxsIHp1bSBUZXN0YmVkLnBkZgAAEwABLwAAFQACAAr//wAAgAbSGxwdHlokY2xhc3NuYW1lWCRjbGFzc2VzXU5TTXV0YWJsZURhdGGjHR8gVk5TRGF0YVhOU09iamVjdNIbHCIjXE5TRGljdGlvbmFyeaIiIF8QD05TS2V5ZWRBcmNoaXZlctEmJ1Ryb290gAEACAARABoAIwAtADIANwBAAEYATQBVAGAAZwBqAGwAbgBxAHMAdQB3AIQAjgDOANMA2wNdA18DZANvA3gDhgOKA5EDmgOfA6wDrwPBA8QDyQAAAAAAAAIBAAAAAAAAACgAAAAAAAAAAAAAAAAAAAPL}}

@techreport{Hankel:2015,
	Address = {http://www.plattform-i40.de/I40/Redaktion/DE/Downloads/Publikation/zvei-faktenblatt-i40-komponente.html},
	Author = {Martin Hankel and Bosch Rexroth},
	Date-Added = {2016-10-18 19:25:23 +0000},
	Date-Modified = {2016-10-18 19:30:28 +0000},
	Institution = {ZVEI},
	Title = {Industrie 4.0: Das Referenzarchitekturmodell Industrie 4.0 (RAMI 4.0)},
	Year = {2015},
	Bdsk-File-1 = {YnBsaXN0MDDUAQIDBAUGJCVYJHZlcnNpb25YJG9iamVjdHNZJGFyY2hpdmVyVCR0b3ASAAGGoKgHCBMUFRYaIVUkbnVsbNMJCgsMDxJXTlMua2V5c1pOUy5vYmplY3RzViRjbGFzc6INDoACgAOiEBGABIAFgAdccmVsYXRpdmVQYXRoWWFsaWFzRGF0YV8QWS4uLy4uL0xpdGVyYXR1ci9JbmR1c3RyaWUgNC4wLSBEYXMgUmVmZXJlbnphcmNoaXRla3R1cm1vZGVsbCBJbmR1c3RyaWUgNC4wIChSQU1JIDQuMCkucGRm0hcLGBlXTlMuZGF0YU8RAtIAAAAAAtIAAgAADE1hY2ludG9zaCBIRAAAAAAAAAAAAAAAAAAAANGvR6NIKwAAATkHbh9JbmR1c3RyaWUgNC4wLSBEYXMgIzEzQjA3ODAucGRmAAAAAAAAAAAAAAAAAAAAAAAAAAAAAAAAAAAAAAAAAAABOweA1CxDlwAAAAAAAAAAAAIAAgAACSAAAAAAAAAAAAAAAAAAAAAJTGl0ZXJhdHVyAAAQAAgAANGvK4MAAAARAAgAANQsJ3cAAAABACQBOQduASk9+gEpPfkALOBJAPaSEgDiGJkAGRz+ABVQhAAVUEEAAgCFTWFjaW50b3NoIEhEOlVzZXJzOgBwYnI6AERvY3VtZW50czoAU3luYzoAQWxsRGV2aWNlczoAVW5pS29lbG46AFNlbWVzdGVyIElJSToAU2tpIFNlbWluYXI6AExpdGVyYXR1cjoASW5kdXN0cmllIDQuMC0gRGFzICMxM0IwNzgwLnBkZgAADgCUAEkASQBuAGQAdQBzAHQAcgBpAGUAIAA0AC4AMAAtACAARABhAHMAIABSAGUAZgBlAHIAZQBuAHoAYQByAGMAaABpAHQAZQBrAHQAdQByAG0AbwBkAGUAbABsACAASQBuAGQAdQBzAHQAcgBpAGUAIAA0AC4AMAAgACgAUgBBAE0ASQAgADQALgAwACkALgBwAGQAZgAPABoADABNAGEAYwBpAG4AdABvAHMAaAAgAEgARAASAJlVc2Vycy9wYnIvRG9jdW1lbnRzL1N5bmMvQWxsRGV2aWNlcy9VbmlLb2Vsbi9TZW1lc3RlciBJSUkvU2tpIFNlbWluYXIvTGl0ZXJhdHVyL0luZHVzdHJpZSA0LjAtIERhcyBSZWZlcmVuemFyY2hpdGVrdHVybW9kZWxsIEluZHVzdHJpZSA0LjAgKFJBTUkgNC4wKS5wZGYAABMAAS8AABUAAgAK//8AAIAG0hscHR5aJGNsYXNzbmFtZVgkY2xhc3Nlc11OU011dGFibGVEYXRhox0fIFZOU0RhdGFYTlNPYmplY3TSGxwiI1xOU0RpY3Rpb25hcnmiIiBfEA9OU0tleWVkQXJjaGl2ZXLRJidUcm9vdIABAAgAEQAaACMALQAyADcAQABGAE0AVQBgAGcAagBsAG4AcQBzAHUAdwCEAI4A6gDvAPcDzQPPA9QD3wPoA/YD+gQBBAoEDwQcBB8EMQQ0BDkAAAAAAAACAQAAAAAAAAAoAAAAAAAAAAAAAAAAAAAEOw==}}

@techreport{Kagermann:2013,
	Author = {Henning Kagermann and Wolfgang Wahlster and Johannes Helbig},
	Date-Added = {2016-10-18 18:46:10 +0000},
	Date-Modified = {2016-10-18 19:49:26 +0000},
	Institution = {Arbeitskreises Industrie 4.0},
	Keywords = {Deutschlands Zukunft als Produktionsstandort sichern Umsetzungsempfehlungen f{\"u}r das Zukunftsprojekt Industrie 4.0 Abschlussbericht des Arbeitskreises Industrie 4.0},
	Month = {April},
	Title = {Umsetzungsempfehlungen f{\"u}r das Zukunftsprojekt Industrie 4.0},
	Type = {Abschlussbericht},
	Url = {https://www.bmbf.de/files/Umsetzungsempfehlungen_Industrie4_0.pdf},
	Year = {2013},
	Bdsk-File-1 = {YnBsaXN0MDDUAQIDBAUGJCVYJHZlcnNpb25YJG9iamVjdHNZJGFyY2hpdmVyVCR0b3ASAAGGoKgHCBMUFRYaIVUkbnVsbNMJCgsMDxJXTlMua2V5c1pOUy5vYmplY3RzViRjbGFzc6INDoACgAOiEBGABIAFgAdccmVsYXRpdmVQYXRoWWFsaWFzRGF0YV8QNy4uLy4uL0xpdGVyYXR1ci9VbXNldHp1bmdzZW1wZmVobHVuZ2VuX0luZHVzdHJpZTRfMC5wZGbSFwsYGVdOUy5kYXRhTxECbAAAAAACbAACAAAMTWFjaW50b3NoIEhEAAAAAAAAAAAAAAAAAAAA0a9Ho0grAAABOQduH1Vtc2V0enVuZ3NlbXBmZWhsdW4jMTNDM0U3Mi5wZGYAAAAAAAAAAAAAAAAAAAAAAAAAAAAAAAAAAAAAAAAAAAE8PnLULPjoAAAAAAAAAAAAAgACAAAJIAAAAAAAAAAAAAAAAAAAAAlMaXRlcmF0dXIAABAACAAA0a8rgwAAABEACAAA1CzcyAAAAAEAJAE5B24BKT36ASk9+QAs4EkA9pISAOIYmQAZHP4AFVCEABVQQQACAIVNYWNpbnRvc2ggSEQ6VXNlcnM6AHBicjoARG9jdW1lbnRzOgBTeW5jOgBBbGxEZXZpY2VzOgBVbmlLb2VsbjoAU2VtZXN0ZXIgSUlJOgBTa2kgU2VtaW5hcjoATGl0ZXJhdHVyOgBVbXNldHp1bmdzZW1wZmVobHVuIzEzQzNFNzIucGRmAAAOAFAAJwBVAG0AcwBlAHQAegB1AG4AZwBzAGUAbQBwAGYAZQBoAGwAdQBuAGcAZQBuAF8ASQBuAGQAdQBzAHQAcgBpAGUANABfADAALgBwAGQAZgAPABoADABNAGEAYwBpAG4AdABvAHMAaAAgAEgARAASAHdVc2Vycy9wYnIvRG9jdW1lbnRzL1N5bmMvQWxsRGV2aWNlcy9VbmlLb2Vsbi9TZW1lc3RlciBJSUkvU2tpIFNlbWluYXIvTGl0ZXJhdHVyL1Vtc2V0enVuZ3NlbXBmZWhsdW5nZW5fSW5kdXN0cmllNF8wLnBkZgAAEwABLwAAFQACAAr//wAAgAbSGxwdHlokY2xhc3NuYW1lWCRjbGFzc2VzXU5TTXV0YWJsZURhdGGjHR8gVk5TRGF0YVhOU09iamVjdNIbHCIjXE5TRGljdGlvbmFyeaIiIF8QD05TS2V5ZWRBcmNoaXZlctEmJ1Ryb290gAEACAARABoAIwAtADIANwBAAEYATQBVAGAAZwBqAGwAbgBxAHMAdQB3AIQAjgDIAM0A1QNFA0cDTANXA2ADbgNyA3kDggOHA5QDlwOpA6wDsQAAAAAAAAIBAAAAAAAAACgAAAAAAAAAAAAAAAAAAAOz}}

@techreport{McKinseydigitizationIndustrialSector:2015,
	Author = {McKinsey Digital},
	Date-Added = {2016-10-18 18:46:10 +0000},
	Institution = {McKinsey},
	Year = {2015}
}

@inproceedings{Cho:2002:PC:511446.511464,
	Acmid = {511464},
	Address = {New York, NY, USA},
	Author = {Cho, Junghoo and Garcia-Molina, Hector},
	Booktitle = {Proceedings of the 11th International Conference on World Wide Web},
	Doi = {10.1145/511446.511464},
	Isbn = {1-58113-449-5},
	Keywords = {parallelization, web crawler, web spider},
	Location = {Honolulu, Hawaii, USA},
	Numpages = {12},
	Pages = {124--135},
	Publisher = {ACM},
	Series = {WWW '02},
	Title = {Parallel Crawlers},
	Url = {http://doi.acm.org/10.1145/511446.511464},
	Year = {2002},
	Bdsk-Url-1 = {http://doi.acm.org/10.1145/511446.511464},
	Bdsk-Url-2 = {http://dx.doi.org/10.1145/511446.511464}}

@inproceedings{Hauff:2015:MGD:2820518.2820563,
	Acmid = {2820563},
	Address = {Piscataway, NJ, USA},
	Author = {Hauff, Claudia and Gousios, Georgios},
	Booktitle = {Proceedings of the 12th Working Conference on Mining Software Repositories},
	Location = {Florence, Italy},
	Numpages = {5},
	Pages = {362--366},
	Publisher = {IEEE Press},
	Series = {MSR '15},
	Title = {Matching GitHub Developer Profiles to Job Advertisements},
	Url = {http://dl.acm.org/citation.cfm?id=2820518.2820563},
	Year = {2015},
	Bdsk-Url-1 = {http://dl.acm.org/citation.cfm?id=2820518.2820563}}

@inproceedings{Wang:2016:BRO:2835776.2835824,
	Acmid = {2835824},
	Address = {New York, NY, USA},
	Author = {Wang, Yue and Yin, Dawei and Jie, Luo and Wang, Pengyuan and Yamada, Makoto and Chang, Yi and Mei, Qiaozhu},
	Booktitle = {Proceedings of the Ninth ACM International Conference on Web Search and Data Mining},
	Doi = {10.1145/2835776.2835824},
	Isbn = {978-1-4503-3716-8},
	Keywords = {federated search, user feedback, whole-page presentation},
	Location = {San Francisco, California, USA},
	Numpages = {10},
	Pages = {103--112},
	Publisher = {ACM},
	Series = {WSDM '16},
	Title = {Beyond Ranking: Optimizing Whole-Page Presentation},
	Url = {http://doi.acm.org/10.1145/2835776.2835824},
	Year = {2016},
	Bdsk-Url-1 = {http://doi.acm.org/10.1145/2835776.2835824},
	Bdsk-Url-2 = {http://dx.doi.org/10.1145/2835776.2835824}}

@inproceedings{Arguello:2011:LAV:2063576.2063611,
	Acmid = {2063611},
	Address = {New York, NY, USA},
	Author = {Arguello, Jaime and Diaz, Fernando and Callan, Jamie},
	Booktitle = {Proceedings of the 20th ACM International Conference on Information and Knowledge Management},
	Doi = {10.1145/2063576.2063611},
	Isbn = {978-1-4503-0717-8},
	Keywords = {aggregated search, federated search, learning to rank, query intent},
	Location = {Glasgow, Scotland, UK},
	Numpages = {10},
	Pages = {201--210},
	Publisher = {ACM},
	Series = {CIKM '11},
	Title = {Learning to Aggregate Vertical Results into Web Search Results},
	Url = {http://doi.acm.org/10.1145/2063576.2063611},
	Year = {2011},
	Bdsk-Url-1 = {http://doi.acm.org/10.1145/2063576.2063611},
	Bdsk-Url-2 = {http://dx.doi.org/10.1145/2063576.2063611}}

@inproceedings{Gousios:2014:DPD:2597073.2597122,
	Acmid = {2597122},
	Address = {New York, NY, USA},
	Author = {Gousios, Georgios and Zaidman, Andy},
	Booktitle = {Proceedings of the 11th Working Conference on Mining Software Repositories},
	Doi = {10.1145/2597073.2597122},
	Isbn = {978-1-4503-2863-0},
	Keywords = {distributed software development, empirical software engineering, pull request, pull-based development},
	Location = {Hyderabad, India},
	Numpages = {4},
	Pages = {368--371},
	Publisher = {ACM},
	Series = {MSR 2014},
	Title = {A Dataset for Pull-based Development Research},
	Url = {http://doi.acm.org/10.1145/2597073.2597122},
	Year = {2014},
	Bdsk-Url-1 = {http://doi.acm.org/10.1145/2597073.2597122},
	Bdsk-Url-2 = {http://dx.doi.org/10.1145/2597073.2597122}}

@inproceedings{Zagalsky:2015:EGC:2675133.2675284,
	Acmid = {2675284},
	Address = {New York, NY, USA},
	Author = {Zagalsky, Alexey and Feliciano, Joseph and Storey, Margaret-Anne and Zhao, Yiyun and Wang, Weiliang},
	Booktitle = {Proceedings of the 18th ACM Conference on Computer Supported Cooperative Work \&\#38; Social Computing},
	Doi = {10.1145/2675133.2675284},
	Isbn = {978-1-4503-2922-4},
	Keywords = {cscl, cscw, distributed version control, education, github, learning, qualitative methodology, social media},
	Location = {Vancouver, BC, Canada},
	Numpages = {12},
	Pages = {1906--1917},
	Publisher = {ACM},
	Series = {CSCW '15},
	Title = {The Emergence of GitHub As a Collaborative Platform for Education},
	Url = {http://doi.acm.org/10.1145/2675133.2675284},
	Year = {2015},
	Bdsk-Url-1 = {http://doi.acm.org/10.1145/2675133.2675284},
	Bdsk-Url-2 = {http://dx.doi.org/10.1145/2675133.2675284}}

@article{Weber2016_657852,
	Abstract = {If you thought grandma saw it all in her 90- plus years--from Kitty Hawk to Mare Tranquillitatis and from morning, afternoon, and evening newspapers to the first 24-hour Internet news blog--her grandchildren will have much more at which to marvel by the time their grandchildren are knee-bouncing.},
	Author = {Weber, Richard M.},
	Journal = {Journal of Financial Service Professionals},
	Keywords = {Internet -- Economic aspects;Internet of things;Wright Flyer (Airplane);News websites;Tranquility Base (Moon)},
	Month = {11},
	Null = {false},
	Number = {6},
	Pages = {43--47},
	Title = {Internet of Things Becomes Next Big Thing.},
	Url = {http://search.ebscohost.com/login.aspx?direct=true&db=bth&AN=118873042&site=ehost-live},
	Volume = {70},
	Year = {2016},
	Bdsk-Url-1 = {http://search.ebscohost.com/login.aspx?direct=true&db=bth&AN=118873042&site=ehost-live}}

@book{gassmann2013geschaeftsmodelle,
	Author = {Gassmann, O. and Frankenberger, K. and Csik, M.},
	Isbn = {9783446437654},
	Publisher = {Carl Hanser Verlag GmbH \& Company KG},
	Series = {Hanser eLibrary},
	Title = {The Business Model Navigator: 55 Models That Will Revolutionise Your Business},
	Url = {https://books.google.de/books?id=jTtQAgAAQBAJ},
	Year = {2013},
	Bdsk-Url-1 = {https://books.google.de/books?id=jTtQAgAAQBAJ}}

@article{Hvistendahl1223,
	Author = {Hvistendahl, Mara},
	Doi = {10.1126/science.336.6086.1223},
	Eprint = {http://science.sciencemag.org/content/336/6086/1223.full.pdf},
	Issn = {0036-8075},
	Journal = {Science},
	Number = {6086},
	Pages = {1223--1223},
	Publisher = {American Association for the Advancement of Science},
	Title = {China Pushes the {\textquoteleft}Internet of Things{\textquoteright}},
	Url = {http://science.sciencemag.org/content/336/6086/1223},
	Volume = {336},
	Year = {2012},
	Bdsk-Url-1 = {http://science.sciencemag.org/content/336/6086/1223},
	Bdsk-Url-2 = {http://dx.doi.org/10.1126/science.336.6086.1223}}

@article{westerman2011digital,
	Author = {Westerman, George and Calm{\'e}jane, C and Bonnet, D and Ferraris, P and McAfee, A},
	Journal = {MIT Center for Digital Business and Capgemini Consulting},
	Pages = {1--68},
	Title = {Digital Transformation: A Roadmap for Billion-Dollar Organizations},
	Year = {2011}}

@webpage{bcg-dt,
	Date-Added = {2016-10-27 13:43:29 +0000},
	Date-Modified = {2016-10-27 13:44:00 +0000},
	Lastchecked = {2016-10-27 11:17:27 +0000},
	Name = {Digital Transformation},
	Url = {http://www.bcg.com/expertise/capabilities/technology-digital/digital.aspx},
	Year = {2016},
	Bdsk-Url-1 = {http://www.bcg.com/expertise/capabilities/technology-digital/digital.aspx}}

@webpage{iic-web,
	Date-Added = {2016-10-27 13:43:29 +0000},
	Date-Modified = {2016-10-27 13:44:00 +0000},
	Lastchecked = {2016-10-27 11:17:27 +0000},
	Name = {Industrial Internet Consortium},
	Url = {http://www.iiconsortium.org/},
	Year = {2016},
	Bdsk-Url-1 = {http://www.iiconsortium.org/}}

@webpage{i40-web,
	Date-Added = {2016-10-27 13:43:29 +0000},
	Date-Modified = {2016-10-27 13:44:00 +0000},
	Lastchecked = {2016-10-27 11:17:27 +0000},
	Name = {Zukunftsprojekt 4.0},
	Url = {https://www.bmbf.de/de/zukunftsprojekt-industrie-4-0-848.html},
	Year = {2016},
	Bdsk-Url-1 = {https://www.bmbf.de/de/zukunftsprojekt-industrie-4-0-848.html}}

@webpage{ivi-web,
	Date-Added = {2016-10-27 13:43:29 +0000},
	Date-Modified = {2016-10-27 13:44:00 +0000},
	Lastchecked = {2016-10-27 11:17:27 +0000},
	Name = {Industrial Value Chain Initiative},
	Url = {https://www.iv-i.org/en/},
	Year = {2016},
	Bdsk-Url-1 = {https://www.iv-i.org/en/}}

@webpage{tesla-autonomous-blog,
	Date-Added = {2016-10-27 13:43:29 +0000},
	Date-Modified = {2016-10-27 13:44:00 +0000},
	Lastchecked = {2016-10-27 11:17:27 +0000},
	Name = {All Tesla Cars Being Produced Now Have Full Self-Driving Hardware},
	Url = {https://www.tesla.com/blog/all-tesla-cars-being-produced-now-have-full-self-driving-hardware},
	Year = {2016},
	Bdsk-Url-1 = {https://www.tesla.com/blog/all-tesla-cars-being-produced-now-have-full-self-driving-hardware}}

@techreport{sparkassehandel40:2015,
  title={Handel 4.0 - Auswirkungen der Digitalisierung auf Handel und Versandlogistik in Hamburg},
  author={Christian Growitsch and Dörte Nitt-Drießelmann and Friso Schlitte},
  year={2015},
  publisher={Hamburger Sparkasse AG}
}

@webpage{bloombergfoodora:2016
    url ="https://www.bloomberg.com/news/articles/2016-02-19/delivery-hero-s-foodora-expands-in-europe-as-rivalry-intensifies",
	year = "2016",
	author="Stefan Nicola",
	Date-Added = {2016-12-12 13:43:29 +0000},
	Date-Modified = {2016-12-12 13:43:29 +0000},
	Lastchecked = {2016-12-12 13:43:29 +0000}
}

@techreport{pwcretailrenaissance:2016,
  title={Only the innovative survive - The European retail renaissance},
  author={Daniel van Hengel and Marc Hoogenberg and Marco Kesteloo},
  year={2016},
  publisher={PwC}
}

@webpage{uber-autonomous,
	Date-Added = {2016-10-27 13:43:29 +0000},
	Date-Modified = {2016-10-27 13:44:00 +0000},
	Lastchecked = {2016-10-27 11:17:27 +0000},
	Name = {We Take a Ride in the Self-Driving Uber Now Roaming Pittsburgh},
	Url = {https://www.wired.com/2016/09/self-driving-autonomous-uber-pittsburgh/},
	Year = {2016},
	Bdsk-Url-1 = {https://www.wired.com/2016/09/self-driving-autonomous-uber-pittsburgh/}}

@webpage{iic-aboutus:2016,
	Date-Added = {2016-10-27 13:43:29 +0000},
	Date-Modified = {2016-10-27 13:44:00 +0000},
	Lastchecked = {2016-10-27 11:17:27 +0000},
	Name = {the industrial internet consortium: a global not-for-profit partnership of industry, government and academia},
	Url = {https://www.iiconsortium.org/about-us.htm},
	Year = {2016},
	Bdsk-Url-1 = {https://www.iiconsortium.org/about-us.htm}}

@article{LucasJr200946,
	Abstract = {The purpose of this paper is to analyze how a firm responds to a challenge from a transformational technology that poses a threat to its historical business model. We extend Christensen's theory of disruptive technologies to undertake this analysis. The paper makes two contributions: the first is to extend theory and the second is to learn from the example of Kodak's response to digital photography. Our extensions to existing theory include considerations of organizational change, and the culture of the organization. Information technology has the potential to transform industries through the creation of new digital products and services. Kodak's middle managers, culture and rigid, bureaucratic structure hindered a fast response to new technology which dramatically changed the process of capturing and sharing images. Film is a physical, chemical product, and despite a succession of new CEOs, Kodak's middle managers were unable to make a transition to think digitally. Kodak has experienced a nearly 80\% decline in its workforce, loss of market share, a tumbling stock price, and significant internal turmoil as a result of its failure to take advantage of this new technology. },
	Author = {Henry, C. and Lucas, Jr. and Jie Mein Goh},
	Doi = {http://dx.doi.org/10.1016/j.jsis.2009.01.002},
	Issn = {0963-8687},
	Journal = {The Journal of Strategic Information Systems},
	Keywords = {Qualitative research},
	Number = {1},
	Pages = {46 - 55},
	Title = {Disruptive technology: How Kodak missed the digital photography revolution},
	Url = {http://www.sciencedirect.com/science/article/pii/S0963868709000043},
	Volume = {18},
	Year = {2009},
	Bdsk-Url-1 = {http://www.sciencedirect.com/science/article/pii/S0963868709000043},
	Bdsk-Url-2 = {http://dx.doi.org/10.1016/j.jsis.2009.01.002}}

@article{umsetzungsstrategie:2015,
	Author = {BITKOM and VDMA and ZVEI},
	Publisher = {Plattform Industrie 4.0},
	Title = {Umsetzungsstrategie Industrie 4.0 - Ergebnisbericht der Plattform Industrie 4.0},
	Year = {2015}}

@article{iic-progress:2016,
	Author = {Industrial Internet Consortium},
	Publisher = {Industrial Internet Consortium},
	Title = {Progress Report: A Global Hub},
	Year = {2016}}

@mastersthesis{khan-digital:2016,
	Author = {Shahyan Khan},
	Date-Modified = {2016-10-28 14:22:05 +0000},
	School = {Stockholm Business School},
	Title = {Leadership in the digital age -- A study on the effects of digitalisation on top management leadership},
	Year = {2016}}

@mastersthesis{hammer:2015,
    Author = {Patrick Hammer},
    School = {University of Cologne},
    Title = {The Fourth Industrial Revolution: Factors Influencing an Organization’s Culture},
    Year = {2015}
}

@book{bonnect2014leading,
  title={Leading Digital: Turning Technology Into Business Transformation},
  author={Bonnect, D and McAfee, A and Westerman, G},
  publisher ={Harvard Business Review Press. London},
  year={2014}
}

@article{ISIC:2008,
title = "International Standard Industrial Classification of All Economic Activities (ISIC), Revision 4",
author= "ISIC",
journal = "Department of Economic and Social Affairs",
Publisher = "United Nations",
year = "2008"
}

@webpage{iot-def:2016,
	title = "Definition: Internet of Things",
	author = "Gartner",
	url ="http://www.gartner.com/it-glossary/internet-of-things/",
	year = "2016",
	Date-Added = {2016-10-27 13:43:29 +0000},
	Date-Modified = {2016-10-27 13:44:00 +0000},
	Lastchecked = {2016-10-27 11:17:27 +0000}
}
@article{bauer2015industrie,
  title={Industrie 4.0-Volkswirtschaftliches Potenzial f{\"u}r Deutschland},
  author={Bauer, Wilhelm and Horv{\'a}th, P{\'e}ter},
  journal={Controlling},
  volume={27},
  number={8-9},
  pages={515--517},
  year={2015},
  publisher={Verlag Franz Vahlen GmbH}
}
@article{barometer:2016,
  title={Wirtschaft digital: Perspektiven erkannt, erste Schritte getan - Das IHK-Unternehmensbarometer zur Digitalisierung},
  author={Linda van Renssen and Michael Liecke and Katrin Sobania},
  year={2016},
  publisher={Deutscher Industrie- und Handelskammertag e. V.}
}

@article{iicsecurity:2016,
  title={Industrial Internet of Things
Volume G4: Security Framework},
  author={Sven Schrecker and Hamed Soroush and Jesus Molina},
  year={2016},
  publisher={Industrial Internet of Things Consortium}
}

@article{iicarchitecture:2016,
  title={Industrial Internet Reference Architecture},
  author={Shi-Wan Lin and Bradford Miller and Jacques Durand and Rajive Joshi},
  year={2016},
  publisher={Industrial Internet of Things Consortium}
}

@incollection{Tragos2016trusted,
	author = {Elias Z. Tragos and Jorge Bernal Bernabe and Ralf C. Staudemeyer and Jose Luis and Hernandez Ramos and Alexandros Fragkiadakis and Antonio Skarmeta and Michele Nati and Alex Gluhak},
	booktitle = {Digitising the Industry - Internet of Things Connecting the Physical, Digital and Virtual Worlds},
	title = {{Trusted IoT in the complex landscape of governance, security, privacy, availability and safety}},
	year = {2016}
}

@incollection{FoodAndFarm2020,
	author = {Harald Sunmaeker, Cor Verdouw, Sjaak Wolfert and Luis Peréz Freire},
	booktitle = {Digitising the Industry - Internet of Things Connecting the Physical, Digital and Virtual Worlds},
	title = {Internet of Food and Farm 2020},
	year = {2016}
}

@article{worldforumdigitalenterprise:2016,
  title={Digital Transformation of Industries: Digital Enterprise},
  author={},
  journal={World Economic Forum},
  year={2016},
  publisher={World Economic Forum},
  key={WEF-DE}
}

@book{christensen1997innovator,
  title={The Innovator's Dilemma: When New Technologies Cause Great Firms to Fail},
  author={Christensen, C.M.},
  isbn={9780875845852},
  lccn={96010894},
  series={Management of innovation and change series},
  url={https://books.google.de/books?id=SIexi\_qgq2gC},
  year={1997},
  publisher={Harvard Business School Press}
}

@article{pwc2016survey,
  title={Industry 4.0: Building the digital enterprise},
  author={Reinhard Geissbauer and Jesper Vedso and Stefan Schrauf},
  year={2016},
  publisher={PwC}
}

@article{rolandbergerBauwirtschaft:2016,
  title={Digitalisierung der Bauwirtschaft - Der europäische Weg zu "Construction 4.0"},
  author={Philipp Hoff and Kai-Stefan Schober},
  year={2016},
  publisher={Roland Berger}
}

@techreport{Mell:2011:SND:2206223,
 author = {Mell, Peter M. and Grance, Timothy},
 title = {SP 800-145. The NIST Definition of Cloud Computing},
 year = {2011},
 publisher = {National Institute of Standards \& Technology},
 address = {Gaithersburg, MD, United States},
}

@techreport{cps:nsf:2011,
author = {National Science Foundation},
title = {Cyper-Physical-Systems(CPS)},
year={2011},
publisher={National Science Foundation}
}

@article{WEF-futureFinancialServices,
  title={The Future of Financial Services. How disruptive innovations are reshaping the way financial services are structured, provisioned and consumed},
  author={R. Jesse McWaters, Giancarlo Bruno, Abel Lee, Matthew Blake},
  year={2016},
  publisher={World Economic Forum}
}

@article{CapGemini-IoT-financialServices,
title = {The impact of the Internet of Things on Financial Services},
year= {2015},
publisher={Capgemini}
}

@article{ArthurDLittle-FinancialService,
title = {Setting objectives and measuring digitalization
in Financial Services},
author = {Pedro Fernández-Olano, Rocío Castedo, Alejandro González, Michael Opitz, Volker Pfirsching},
year= {2016},
publisher={Arthur D. Little}
}


@article{Weber2011133,
title = "Accountability in the Internet of Things ",
journal = "Computer Law & Security Review ",
volume = "27",
number = "2",
pages = "133 - 138",
year = "2011",
note = "",
issn = "0267-3649",
doi = "http://dx.doi.org/10.1016/j.clsr.2011.01.005",
url = "http://www.sciencedirect.com/science/article/pii/S0267364911000069",
author = "Rolf H. Weber",
keywords = "Accountability",
keywords = "Legitimacy",
keywords = "Sanctions",
keywords = "Standards",
keywords = "Surveillance ",
abstract = "Accountability of governing bodies in the Internet of Things (IoT) is of major importance and requires a partly different approach than applied in the (general) Internet. Improving accountability makes the implementation of new general principles necessary in order to provide for a stable and foreseeable legal framework on which businesses can rely. In particular, standards need to be introduced that hold governing bodies accountable, information should be made more readily available and beneficiaries of accountability must be able to impose some sort of sanction on the accountable in case of non-compliance. Improving accountability by creating such framework also supports the betterment of security in the Internet of Things. "
}



@book{AppelrathKagermannMayer2012,
  abstract = {Bis 2022 will Deutschland aus der Kernenergie aussteigen und z\"{u}gig auf eine Energieversorgung auf der Grundlage erneuerbarer Energien wie Wind- oder Sonnenenergie umstellen. Diese lassen sich in großem Umfang nur mithilfe von Informations- und Kommunikationstechnologien (IKT) in das Elektrizit\"{a}tssystem integrieren. In einem sogenannten Smart Grid verschmelzen IKT und Energietechnik und sorgen f\"{u}r nachhaltigen, zuverl\"{a}ssigen und bezahlbaren Strom. Die Studie beschreibt, welcher Migrationspfad in das in das Future Energy Grid bis zum Jahr 2030 zu beschreiten ist. Die Autoren skizzieren dazu in drei bildhaften Szenarien die m\"{o}glichen Entwicklungen des Energiesystems in Deutschland und benennen die notwendigen technologischen Schritte in das w\"{u}nschenswerte System einer nachhaltig-wirtschaftlichen Stromversorgung. },
  added-at = {2016-06-15T11:26:33.000+0200},
  address = {Berlin},
  biburl = {https://www.bibsonomy.org/bibtex/2fa2427162a8b18189d08a5854a287beb/flint63},
  doi = {10.1007/978-3-642-27864-8_8},
  editor = {Appelrath, Hans-J\"{u}rgen and Kagermann, Henning and Mayer, Christoph},
  file = {SpringerLink:2012/AppelrathKagermannMayer2012.pdf:PDF;Springer Product Page:http\://www.springer.com/978-3-642-27863-1:URL},
  groups = {public},
  interhash = {4a95cea6c5e6a0e22cbfb4a4cf1fb915},
  intrahash = {fa2427162a8b18189d08a5854a287beb},
  isbn = {978-3-642-27863-1},
  issn = {2192-6174},
  keywords = {01624 103 springer book embedded ai energy engineering network economy},
  month = {#feb#},
  publisher = {Springer},
  series = {acatech Studie},
  timestamp = {2016-06-15T11:26:33.000+0200},
  title = {Future Energy Grid: Migrationspfade ins Internet der Energie},
  url = {http://www.acatech.de/de/publikationen/empfehlungen/acatech/detail/artikel/future-energy-grid-migrationspfade-ins-internet-der-energie.html},
  username = {flint63},
  year = 2012
}


@article{worldforumlogistics:2016,
  title={Digital Transformation of Industries: Logistics},
  author={World Economic Forum},
  journal={World Economic Forum},
  year={2016},
  publisher={World Economic Forum}
}

@techreport{mckinseymining:2015,
  title={How digital innovation can improve mining productivity},
  author={Hugh Durrant-Whyte and Ryan Geraghty and Ferran Pujol and Richard Sellschop},
  year={2015},
  publisher={McKinsey&Company}
}

@article{accenture-europeanFinancialServices-digitalReadinessReport,
  title={European Financial Services: Digital Readiness Report. Is interest in digital yielding returns? European banks and insurers and the quest to stay relevant},
  author={Sushil Saluja, Massimo Proverbio, Edwin Van der Ouderaa, Piercarlo Gera, Schira Lillis, Francesca Caminiti},
  journal={Accenture},
  year={2016},
  publisher={Accenture}
}

@webpage{nytimesdrivingtruck:2016,
	Date-Added = {2016-11-27 11:17:27 +0000},
	Date-Modified = {2016-11-27 11:18:20 +0000},
	Lastchecked = {27.11.2016},
	Month = {October},
	Title = {Self-Driving Truck’s First Mission: A 120-Mile Beer Run},
	Url = {http://www.nytimes.com/2016/10/26/technology/self-driving-trucks-first-mission-a-beer-run.html},
	Year = {2016}
}

@inproceedings{Kiva:amazon:Ma:2016:OTA:2936924.2937092,
 author = {Ma, Hang and Koenig, Sven},
 title = {Optimal Target Assignment and Path Finding for Teams of Agents},
 booktitle = {Proceedings of the 2016 International Conference on Autonomous Agents \&\#38; Multiagent Systems},
 series = {AAMAS '16},
 year = {2016},
 isbn = {978-1-4503-4239-1},
 location = {Singapore, Singapore},
 pages = {1144--1152},
 numpages = {9},
 url = {http://dl.acm.org/citation.cfm?id=2936924.2937092},
 acmid = {2937092},
 publisher = {International Foundation for Autonomous Agents and Multiagent Systems},
 address = {Richland, SC},
 keywords = {heuristic search, kiva (amazon robotics) systems, multi-agent path finding, multi-robot path finding, network flow, path planning, robotics, target assignment, team work, warehouse automation},
}
